<?xml version="1.0" encoding="UTF-8"?><collection xmlns="http://www.loc.gov/MARC21/slim"><record><leader>00503nam--2200181-i-4500</leader><controlfield tag="001">000042268</controlfield><controlfield tag="002">20161230</controlfield><controlfield tag="005">20161230201043</controlfield><controlfield tag="008">060222s1000------------r-----000-0-eng-d</controlfield><datafield ind1=" " ind2=" " tag="040"><subfield code="a">IFIN-HH</subfield></datafield><datafield ind1=" " ind2=" " tag="080"><subfield code="a">541.28</subfield></datafield><datafield ind1="1" ind2=" " tag="100"><subfield code="a">Soddy,Frederick</subfield></datafield><datafield ind1="1" ind2="0" tag="245"><subfield code="a">The chemistry of the radio-elements</subfield><subfield code="c">Frederick soddy</subfield></datafield><datafield ind1=" " ind2=" " tag="260"><subfield code="a">London</subfield><subfield code="b">Lohgmans, Green And Co</subfield><subfield code="c">1914</subfield></datafield><datafield ind1=" " ind2=" " tag="300"><subfield code="a">VI + 151 P</subfield></datafield><datafield ind1=" " ind2=" " tag="490"><subfield code="a">Monographs On Inorganic &amp; Physical Chemistry</subfield></datafield><datafield ind1=" " ind2=" " tag="852"><subfield code="a">44457</subfield><subfield code="c">H.H</subfield></datafield><datafield ind1=" " ind2=" " tag="CAT"><subfield code="a">Sys</subfield><subfield code="c">20130405</subfield><subfield code="h">104505</subfield></datafield></record></collection>